2580 3990
986 344 1044 448 e

131 481 201 534 rem
219 460 480 547 ita-statuimus,
498 457 626 552 liquido
649 473 786 552 apparet
810 457 1047 550 magnetioana„
1070 493 1076 499 ·

134 561 253 637 acum,
273 575 357 642 quae
376 551 480 620 bbere
499 567 668 628 moveatur
678 602 690 635 ,
709 573 916 640 nequaquam
934 568 1044 638 posse*

130 645 327 727 consistere,
345 642 410 710 nisi
430 641 564 710 australi
588 641 663 730 polo
691 639 858 718 borealem
876 647 1045 728 spectet,v

128 731 295 804 borealem
310 734 391 801 'vero
408 731 451 800 ad
469 741 616 802 austrum
634 727 927 803 conversaturus
943 731 1041 800 enim'

128 823 219 891 nullo
235 823 334 892 modo
351 837 476 911 potest,
488 838 526 890 ut
540 821 634 890 illinc
649 819 786 888 fluidum
803 823 952 887 excurrat
967 843 1038 908 qua,

127 914 288 982 terrestris
307 913 466 980 materiae
484 909 586 980 fertur
609 909 780 996 incursus5
797 911 1036 1006 proptereaque

127 1002 156 1070 si
176 1027 195 1071 a
214 1001 538 1092 septemtrionalibus
557 999 745 1090 regionibus
765 1016 870 1070 terrae
893 999 1033 1078 fluidum

128 1093 289 1182 erumpit,
317 1115 394 1159 acus
421 1091 558 1184 hujusce
584 1089 727 1160 borealis
752 1090 847 1180 polus
874 1090 1041 1180 perpetuo

124 1183 279 1271 respiciet
297 1182 475 1250 australes.
562 1233 565 1240 .

149 1273 293 1356 LXIII.
321 1273 375 1342 Ex
396 1271 459 1340 hoc
481 1270 626 1361 profecto
654 1269 738 1340 illud
762 1268 864 1340 etiam
892 1270 1034 1355 accidit,

124 1377 162 1430 ut
179 1385 256 1428 acus
274 1361 446 1429 inclinatio
465 1362 522 1430 liat
540 1385 614 1429 eam
634 1360 843 1450 potissimum
856 1360 891 1428 in
904 1378 1034 1449 partem
1063 1385 1064 1388 ¹

123 1473 207 1541 quae
236 1451 423 1540 propiorem
450 1452 562 1538 polum
582 1466 728 1538 spectat.
747 1450 881 1518 Etenim
905 1451 934 1518 si
958 1474 1034 1518 ma-

123 1541 253 1630 gnetica
279 1562 356 1610 acus
382 1539 527 1608 laminae
556 1541 679 1629 pan'ter
705 1539 911 1630 magneticae
935 1563 1033 1630 super

7 1647 11 1655 “
121 1645 332 1718 aequatorem
350 1629 475 1715 locata,
495 1629 606 1698 eidem
624 1629 782 1720 parallela
800 1647 867 1714 est,
887 1645 958 1698 tum
978 1653 1033 1712 veq

122 1743 161 1786 ro
176 1718 369 1804 descendit,
390 1719 527 1788 eumad
546 1720 737 1788 alterutrum
760 1720 910 1810 polorum
937 1743 1033 1789 aece-

78 1847 83 1862 ·
122 1809 192 1894 dit,
212 1807 301 1878 haud
321 1809 446 1900 dispari
465 1806 611 1900 profecto
629 1811 756 1901 ¹ratione
775 1833 826 1879 res
846 1833 882 1879 se
907 1833 943 1877 se
970 1809 1036 1878 ira·'

121 1898 200 1968 beat
229 1915 376 1988 eportet,
396 1923 471 1970 cum
499 1900 644 1970 laminae
671 1900 763 1969 illius
792 1902 881 1970 vices
905 1901 1032 1993 excipit

124 2005 231 2056 tcrra.·
247 1990 288 2057 Id
306 1990 341 2056 ni
361 1991 544 2084 accideret,
564 1991 672 2061 omnis
700 1991 782 2060 haec
810 1991 851 2060 de
877 2007 1033 2082 magnete

64 2144 70 2150 ,
122 2078 382 2166 rueretopinio3
400 2079 537 2147 effluens
555 2080 645 2148 enim
654 2132 666 2164 ‚
678 2097 712 2148 et
730 2081 870 2162 influens
889 2083 1031 2156 laterum

122 2167 278 2239 materies
298 2183 467 2258 tamquam
486 2167 570 2236 falsa
588 2169 659 2262 jure
678 2167 806 2259 optimo
832 2169 943 2260 posset
969 2170 1031 2237 lra—
1065 2165 1067 2170 ’

123 2256 216 2341 beri,'
243 2256 309 2326 nisi
339 2282 460 2327 acuum
483 2258 653 2327 validioris
680 2259 845 2328 manetis
873 2259 1033 2348 lateribus

122 2346 354 2436 impositomm
373 2349 589 2418 inclinatione
608 2283 893 2440 comprobaretur.
979 2373 982 2378 ·
1068 2363 1074 2370 ’

126 2485 129 2490 ,
163 2439 290 2508 LXIV.
303 2438 370 2509 Sed
382 2439 613 2509 declinationis
633 2441 722 2530 leges
738 2440 795 2531 qni
810 2440 1028 2530 explorandas

125 2526 281 2617 suscipit,
300 2528 331 2592 is
359 2530 443 2597 mihi
462 2531 593 2599 videtur
612 2530 743 2599 turbido
762 2531 863 2614 mari,
885 2531 1037 2620 Scyllam

123 2616 211 2684 inter
230 2630 327 2704 atque
342 2616 548 2704 Charybdim
567 2619 742 2704 navigare.
759 2622 894 2684 Etenim
914 2621 1033 2687 eadem·

122 2721 291 2790 constans,
310 2707 474 2796 magnetis
491 2705 584 2796 polos
603 2729 623 2772 a
643 2705 849 2810 terrestribus
868 2705 1037 2798 sejunctos

122 2814 170 2863 ac
180 2811 353 2884 separatos·
365 2797 548 2881 evinceret,
561 2819 619 2886 pro
634 2811 760 2880 ratione
778 2810 963 2885 temporum
977 2823 1035 2880 xpa..

123 2884 386 2967 ria',·in'testinas
406 2903 510 2956 terrae
529 2886 729 2954 mutationes
748 2886 972 2974 portenderet.
990 2881 1037 2958 Et
1129 2916 1133 2928 ·

124 2997 160 3043 re
179 2972 315 3064 quidem
334 2997 428 3062 vera,
447 2999 466 3042 e
484 2976 704 3044 subterraneis
722 2975 856 3066 ignibus
874 2992 909 3046 et
927 3000 1034 3047 erum-

122 3064 276 3154 pentium
305 3065 514 3134 flammamm
540 3065 702 3152 excidiis,
723 3090 857 3135 causam
885 3067 1033 3156 phaebo--¹

122 3156 159 3223 ni
185 3153 283 3246 buius
313 3156 507 3248 quandoque
529 3157 749 3249 repetendam
779 3162 945 3224 essenon
972 3157 1036 3229 du..
1122 3225 1128 3230 .

123 3245 194 3313 bito
200 3271 212 3330 3
224 3267 299 3314 cum
316 3246 407 3314 enim
426 3245 625 3335 experiendo
646 3245 848 3336 inquirerem
866 3250 947 3316 num
963 3251 1034 3319 flue

125 3334 357 3426 dimagueu‘qi
383 3337 435 3428 vis
463 3337 570 3434 calore
596 3336 769 3426 ingruente
789 3336 1034 3428 deficeret„fa-
