2580 3990
205 467 210 480 '
243 459 597 550 'redempturum
616 465 839 552 magnetit'ur'n
865 477 943 559 ergo
960 461 1164 562 atmosplrae-

239 551 310 633 ‘'ta'e
340 551 477 622 lluitlum
488 605 498 636 ‚
519 559 555 619 u't
582 553 746 624 libramen
766 556 905 644 efficiat,
926 576 1165 652 quaquaversus

253 643 413 726 confluet,
438 645 705 712 concurrentibus
728 647 851 716 lineis.
881 651 954 720 Erit
983 671 1090 723 autern
1118 657 1173 734 ir„

253 735 378 802 rlrentis
394 734 490 802 ‘fluidi
511 734 655 824 impetus
676 735 839 826 defectui,
854 739 923 809 sive
944 744 1166 835 alterius-puli

244 821 407 892 effusioni
430 825 569 890 omnino
585 849 666 914 par3
686 846 924 922 proptereaque
950 836 1065 902 eadem
1095 837 1165 905 illic

238 916 316 983 ¹er'it
336 914 527 982 exeuntium
548 915 711 986 linearum
732 920 900 1008 diductio,
918 925 1017 1012 ¹idern·
1033 927 1089 994 hie
1117 928 1171 1018 in-¹

245 1006 474 1094 ·g'redientitrm
495 1029 686 1076 concursus.
765 1050 767 1058 ι
1015 1031 1019 1039 ’

299 1098 441 1165 XLVII.
464 1099 536 1166 Nec
555 1121 591 1165 se
611 1101 708 1169 aliter
736 1128 787 1173 res
812 1131 831 1174 a
858 1108 1014 1198 lateribus
1042 1106 1165 1194 habet3

254 1185 378 1254 etenim
400 1191 606 1276 nequaquam
626 1215 645 1258 e
664 1192 789 1264 boreali
809 1199 884 1286 polo
901 1200 1044 1268 diductis
1057 1199 1099 1267 ad
1110 1221 1165 1268 exe

255 1295 397 1344 tremum
426 1279 524 1343 lineis
555 1279 694 1352 fluidum
723 1290 924 1374 excurreret,
943 1289 1008 1356 nisi
1038 1291 1100 1356 hec
1129 1289 1166 1355 in

254 1383 348 1456 parte
368 1365 540 1434 densatum
561 1387 595 1437 et
612 1371 715 1440 latera
734 1395 879 1463 urgeret,
899 1381 1079 1469 quaelicet
1097 1393 1163 1446 non

254 1457 303 1540 ita¹
322 1457 482 1546 disposita
502 1459 587 1545 sint,
601 1481 638 1528 ut
657 1463 744 1531 viam
765 1465 928 1552 ingruenti
948 1469 1164 1538 fluido'liher-

255 1549 376 1617 rimam
396 1551 565 1642 'reserent'j
581 1550 691 1621 tamen
709 1555 742 1620 vi
763 1554 849 1634 uicta
877 1552 1025 1643 ejusdem
1055 1559 1166 1624 tantil-

255 1640 325 1708 lum
354 1643 519 1732 utrimque
540 1643 695 1711 emittunt
702 1670 713 1726 3
731 1640 868 1728 parique
896 1659 1010 1730 pacto,
1030 1645 1059 1714 si
1087 1669 1166 1717 vera

256 1747 333 1799 eunt
347 1732 473 1819 allata,
495 1735 537 1802 ad
555 1734 658 1802 latera
677 1729 826 1799 australis
853 1733 926 1820 poli
952 1732 1064 1824 affluet
1091 1751 1164 1807 mlt-

257 1823 426 1912 gneticum
456 1817 702 1912 atmo's'phaerae
727 1817 883 1887 fluidum.
915 1825 1042 1892 Verum
1067 1843 1104 1892 ut
1119 1828 1165 1916 'li-

257 1937 340 1982 neae
373 1939 500 2004 quoque
525 1907 638 2000 epoti*
656 1907 797 1975 borealis
821 1909 980 1982 lateribus
1008 1933 1167 1986 exeuntes

254 2003 418 2076 libramen
437 2002 640 2079 desiderant,
660 1997 708 2067 ita
728 2023 812 2090 qnae
839 2004 918 2095 poli¹
937 2007 1088 2076 australis
1116 2009 1165 2077 la-

255 2098 379 2164 teribus
410 2087 577 2179 propiores'
601 2105 697 2177 sunt,
727 2105 862 2163 curvum
889 2097 953 2165 iter
971 2117 1104 2183 secant,
1131 2115 1180 2168 et,

257 2181 501 2269 atmo'sphaerae
522 2175 623 2246 fluido
642 2183 847 2255 consociatae
860 2188 902 2255 ad
914 2191 1104 2258 eorumdem
1119 2189 1166 2258 la·

257 2293 360 2344 terum
370 2263 532 2333 delectum
544 2274 762 2357 reparandum
775 2278 935 2347 accedunt
946 2325 960 2346 .·
974 2283 1014 2348 In
1033 2279 1144 2348 me'tlio
1153 2331 1164 2364 ,
1197 2304 1199 2309 ·

257 2387 320 2454 qua
331 2381 389 2425 nec
402 2355 784 2452 exundat‘fluitlummec
797 2368 923 2454 delicit,
935 2371 1054 2436 virium
1067 2369 1166 2436 libra-

159 2517 162 2522 ,
255 2475 329 2520 men
347 2443 477 2530 existit,
491 2467 731 2558 proptereaque
740 2456 882 2524 effeetus'
893 2459 1028 2532 omnino
1042 2459 1164 2528 nullus.
1275 2533 1277 2540 ‚

230 2573 240 2580 -·
298 2538 438 2602 Cursum
458 2537 546 2606 hunc
561 2541 846 2636 ‘directronetnque
871 2549 963 2618 fluidi
984 2550 1164 2640 magnetici

230 2626 363 2712 -atiquo
391 2627 490 2696 modo
519 2631 717 2704 elec‘trieitae
746 2637 913 2731 imitatum
942 2643 1076 2708 Etenim
1105 2639 1166 2708 fri-

234 2715 361 2784 ctione
388 2735 527 2790 excussa
554 2723 639 2792 vitro
667 2729 795 2812 avolat,
815 2753 915 2818 seque
935 2727 1166 2800 'deferentibus

227 2807 443 2894 -·corp0rihus
462 2813 637 2908 immittit,¹
645 2817 722 2885 dum
741 2819 875 2886 interim
893 2823 1049 2890 exeuntis·
1060 2821 1148 2896 vices
1155 2877 1166 2908 ‚

254 2899 517 2990 atmospltaerioa
537 2906 735 2998 electricitau
754 2909 899 3000 excipit.
919 2913 1080 2981 Laminae
1099 2915 1168 2982 lon·

255 2989 404 3078 gitutline
431 2995 590 3064 mediocri
619 3021 733 3067 curvas
764 3016 891 3069 tanturn
912 3026 931 3070 a
950 3003 1109 3072 lateribus
1128 3005 1167 3072 li-

253 3103 333 3150 neas
351 3083 514 3152 'exhibent
533 3087 777 3176 inspiciendae.

230 3213 234 3221 ·
298 3176 458 3244 XLVIII.
476 3177 548 3246 Ne'c
567 3203 622 3248 me
637 3181 739 3264 latetj,t
750 3181 785 3268 in
802 3182 950 3252 maximo
965 3185 1163 3256 laminarum

254 3257 433 3334 ferrearum
450 3289 590 3340 numero
609 3269 802 3362 quandoque
822 3273 913 3360 lieri,
934 3287 986 3343 ·ut'
1005 3277 1060 3344 hic
1081 3275 1166 3368 ortlo

206 3352 461 3446 'stirpemque
488 3361 634 3450 pulveris
647 3371 651 3381 ’
666 3359 839 3454 dispositio
868 3365 967 3436 aliter
989 3375 1165 3457 appareat,
