2580 3990
253 407 403 491 latehre's
420 405 603 498 protrudit.
623 405 848 498 Quamobrem
868 403 1008 496 ferrum„
1023 407 1081 482 nbi
1100 435 1189 491 ma-..f

260 499 368 589 gnetis
395 499 613 590 proprietates
640 500 746 568 semel
777 498 910 586 induit,
941 520 1168 576 coacervatum

257 591 405 660 eontinet
417 591 553 660 fluidum
563 592 598 658 in
608 590 765 660 altemtro
778 590 829 659 aui
843 607 1009 680 extremo,
1020 594 1171 684 partibus

255 683 374 752 ceteris
393 684 456 752 hae
474 684 590 751 eadem
603 682 742 750 materie
753 681 885 772 penitus
895 683 1063 756 destitutis
1075 715 1085 774 3
1096 711 1172 776 pro-

253 790 431 867 ptereaque
450 773 505 859 fit,
525 773 680 842 utfluido
702 775 853 864 polomm
880 775 964 844 alter
990 779 1168 864 redundet,

253 867 339 935 alter
357 885 435 934 vero*
453 863 601 956 ejusdem
622 862 751 933 defectu
770 863 912 950 laboret,
922 866 1007 951 sive,
1024 885 1061 936 ut
1075 869 1184 961 ajunt
1270 876 1272 878 ’

254 956 411 1047 Physioi,
439 955 523 1024 alter
547 953 728 1046 positione,
752 955 835 1024 alter
861 955 1035 1048 negativus
1062 985 1169 1050 appa„-

235 1064 345 1132 ,reat.
365 1046 544 1118 Enimvero
563 1047 654 1116 idern
679 1063 790 1116 auctor
817 1045 1016 1137 siingenue
1044 1047 1186 1122 fatetur:

252 1140 346 1230 polos
365 1139 464 1208 hosce
482 1138 570 1207 inter
587 1161 624 1232 se
642 1137 729 1204 nihil
749 1135 903 1222 differre,
927 1137 1057 1230 sibique
1072 1165 1170 1210 numa
1249 1191 1251 1194 -

275 1256 353 1301 uarn
382 1231 466 1297 illud
493 1227 691 1314 contigisse,
710 1244 748 1298 ut
763 1227 943 1318 positivum
969 1255 988 1298 a
1012 1231 1167 1320 negativo

250 1255 470 1404 immorer,
490 1315 564 1410 quis
591 1338 657 1380 non
687 1319 818 1403 Oepino
846 1337 1055 1405 succenseat,
1074 1325 1164 1411 qnod

250 1427 307 1481 eo's
326 1409 428 1480 veluti
448 1423 554 1478 oertos
573 1403 761 1487 admiserit,
775 1411 1164 1502 commendationemque

249 1501 443 1574 tentaminis
462 1499 514 1569 sui
537 1522 603 1566 non
622 1495 820 1580 aventato,
839 1495 899 1564 aed
924 1499 967 1566 ab
992 1504 1180 1587 opinionis

195 1624 198 1630 ’
248 1594 385 1664 arbitrio
404 1591 602 1662 deduxerit?
1160 1633 1163 1636 -

293 1687 459 1757 XXVIII.
472 1683 539 1754 Sed
556 1681 757 1773 hypothesin
775 1681 861 1750 hane
880 1683 1033 1774 persequi
1053 1700 1179 1757 stou..

247 1778 366 1849 riosius
380 1774 594 1866 introspicere
614 1775 731 1843 liceat.
748 1773 902 1842 Fluidum
917 1775 1087 1844 exundans
1102 1799 1174 1865 per·

248 1872 299 1938 Oe
324 1869 437 1953 inum,
458 1868 531 1960 ipsa
550 1867 600 1935 s'ui
617 1866 712 1953 copia
732 1861 855 1930 sermm
875 1879 964 1932 amet
988 1873 1179 1954 atquem--

246 1892 359 2051 pellit,
376 1958 514 2027 attrahit
532 1959 605 2050 ipso
625 1953 769 2024 delectu.
783 1956 860 2024 Uno
878 1954 989 2044 itaque
1009 1971 1176 2028 extremo·

245 2075 382 2144 magnes
406 2050 568 2134 attrahet,
588 2048 690 2116 altero
718 2045 875 2136 repellet.
906 2047 1016 2116 Nemo
1045 2063 1177 2126 tamen

245 2161 297 2214 est
316 2143 373 2234 qui
391 2143 534 2228 neseiat,
553 2141 668 2232 polum
685 2155 861 2228 utmmque
875 2139 1039 2230 magnetis
1060 2141 1102 2210 ad
1121 2165 1175 2210 se·

244 2231 367 2304 ferrum
387 2257 517 2321 rapere.
538 2234 692 2319 Magnes,
705 2231 798 2321 juxta
810 2229 927 2313 allata,
939 2253 1000 2298 neo
1019 2232 1169 2304 alterins.

243 2323 388 2414 comonis
407 2321 545 2391 fluidum
563 2321 708 2410 exeipit,
727 2341 789 2386 nee
807 2319 975 2408 pmprimn
1005 2323 1150 2406 emittit;

242 2441 308 2506 qua
332 2415 445 2506 itaque
472 2413 619 2497 ratione,
638 2432 744 2500 quave
765 2410 912 2478 tamdem
931 2409 964 2475 vi
984 2410 1083 2476 modo
1102 2427 1170 2481 at-.

242 2505 364 2588 trahit,
384 2507 482 2571 modo
502 2503 659 2590 repellit?
686 2497 859 2587 Numquid
878 2496 927 2566 ibi
948 2499 1017 2588 agit
1034 2524 1170 2592 corpus·

240 2594 299 2666 ulii
318 2617 384 2664 non
404 2598 477 2664 est?
495 2594 642 2662 Domum
660 2613 769 2658 nonne
786 2587 817 2657 is
836 2611 948 2659 seeum
968 2591 1092 2660 luctari>
1105 2594 1167 2661 vi:

240 2686 468 2779 deretur,1qui
496 2705 572 2754 sem
597 2699 694 2751 antea
715 2680 939 2750 constituisset
959 2680 1051 2750 fluidi
1075 2705 1152 2752 ma.

240 2777 364 2870 gnetici
391 2777 570 2866 particulas
597 2773 801 2842 seinvicem
829 2771 1046 2861 repellentes,
1066 2773 1152 2848 illud

145 2941 149 2949 ,
242 2881 358 2962 postea
376 2865 546 2954 subderet,
559 2864 737 2956 portionas
757 2863 872 2947 hasce,
889 2860 926 2930 in
946 2875 1062 2953 corpus
1087 2867 1150 2942 im.

239 2957 391 3052 pervium
401 2958 490 3028 nullo
498 2956 612 3027 labore
620 2955 724 3038 nudi,
734 2970 768 3022 et
776 2953 1010 3044 angustissimo
1025 2956 1060 3028 in
1076 2983 1164 3048 spa-2
1197 2971 1205 2992 ⁸

239 3053 289 3122 tio
314 3048 521 3122 coacervari?
546 3047 746 3137 Siteorpora
773 3045 884 3116 omnia
902 3044 1040 3132 hrrida,
1067 3047 1177 3130 licet,
1235 3129 1239 3136 ⁴
1282 3057 1283 3064 ’

238 3143 416 3233 particulas
434 3138 584 3212 minime
600 3137 747 3208 habeant
773 3151 931 3226 perpetua
959 3138 1147 3226 repulsione
1232 3137 1235 3144 ’
1281 3135 1283 3182 ²

238 3233 439 3324 diremptas,
458 3249 577 3317 tamen
588 3229 625 3299 in
643 3227 782 3318 singulis
800 3249 973 3317 corporum
991 3228 1071 3296 loeis
1090 3251 1145 3296 ae-
1282 3245 1283 3248 ’

239 3322 417 3422 quabditer
432 3323 691 3409 trasimenum
708 3341 818 3396 unare
835 3319 1022 3412 magnetica
1038 3333 1146 3392 mate-
