2580 3990
253 359 310 435 ia·

244 473 428 548 uenientis
442 471 566 550 factum
590 488 662 559 cst,
690 469 810 565 nempe
837 472 888 542 ah·
908 476 1155 570 atmosphaeta.

248 568 337 636 Cum
355 589 432 635 vero
452 565 487 633 in
506 567 605 634 allato
625 567 851 654 experimento
870 568 1019 655 polorum
1042 574 1155 660 proni-

249 659 350 728 mitas
369 656 547 739 habeatnr,
567 657 602 724 in
622 657 741 745 quihus
766 655 911 724 desectus
940 661 1069 750 copiam
1097 687 1155 731 ae-

248 744 401 840 quiparat
410 759 426 831 ,'
441 747 475 814 id
493 745 564 813 ficri
584 748 767 816 necessario
787 746 914 836 oportet
923 774 936 831 ,¹
953 767 989 816 ut
1017 753 1164 822 fluidum

246 863 268 908 e
282 837 367 908 ferro
381 836 511 904 recedat
526 837 760 926 admotumque
775 839 887 926 polum
901 839 1051 925 invadat,
1064 868 1159 911 nam<

246 929 313 1024 que
341 928 413 1010 ihi,*
438 943 473 996 et
501 925 646 995 defectus
675 928 770 1018 longe
800 929 927 1020 major,
956 947 990 998 et
1017 933 1154 1014 liberius

233 1021 331 1108 ¹ite'r3
360 1018 409 1086 ita
435 1016 535 1085 fluido
562 1017 735 1087 recedente
762 1017 827 1088 sibi
854 1019 1005 1088 relictum
1030 1020 1153 1092 sermm

246 1109 397 1180 excidet.
546 1155 552 1166 »

240 1245 245 1257 -
292 1203 382 1270 LXI.
413 1200 480 1270 Sed
506 1198 574 1291 jam
601 1200 680 1268 satis
708 1199 813 1268 multa
841 1202 882 1269 de
906 1195 1153 1273 attractionedt

244 1291 450 1378 repulsione.
472 1289 627 1378 Superest
646 1308 683 1357 ut
702 1290 743 1359 de
762 1291 878 1360 ceteris
897 1295 1065 1381 magnetis·
1080 1312 1150 1382 pno-

243 1377 441 1472 prioratibus
470 1375 598 1446 dicam.
633 1379 976 1449 Communicationem
1004 1399 1151 1472 praeter-

244 1471 394 1554 mittam,
407 1493 483 1537 cum
503 1467 707 1557 magneticae
727 1468 778 1535 vis
798 1473 1092 1542 communicandae
1105 1471 1153 1543 fa·

243 1561 347 1630 cultas
367 1555 547 1648 multiplex'.
561 1559 605 1626 sit
623 1583 661 1626 ac
680 1558 790 1642 varia,
809 1581 869 1626 uec
889 1558 930 1626 ad
949 1583 1051 1628 unum
1077 1589 1151 1633 ma-

243 1651 375 1743 gnetem
395 1649 577 1739 pertineet,
597 1670 738 1739 cumque
756 1648 825 1743 jam
845 1665 920 1718 ante
948 1673 1024 1719 cum
1046 1655 1150 1721 Fran-

240 1743 313 1812 lrlin
330 1741 579 1824 constituerim,
599 1738 704 1809 ferrea
722 1765 856 1846 corpora
875 1739 997 1810 idcirco
1021 1740 1148 1812 frictio-

201 1905 206 1914 ·
239 1832 488 1922 ne'magnetica
509 1831 598 1915 fieri,
619 1830 706 1920 quod
729 1832 788 1899 tali
816 1847 912 1920 paeto
940 1832 1045 1901 latens
1072 1836 1148 1902 flui-

235 1921 321 1990 dum
348 1923 523 2005 emittunt,
542 1937 576 1988 et
599 1921 763 1988 confluens
792 1921 979 2010 excipiunt,
999 1922 1146 1994 mirabili

237 2011 384 2104 quadam
406 2035 443 2080 ac
462 2011 620 2100 singulari
639 2011 783 2100 partium
808 2011 1023 2102 dispositione
1032 2039 1052 2098 ,·
1062 2013 1146 2104 qrtae

239 2103 376 2196 utitem
396 2103 532 2172 adversa
550 2099 701 2171 frictione
729 2102 857 2171 arrhata
886 2127 1015 2172 cursum
1043 2106 1147 2174 inter-

227 2195 342 2278 cidit,
362 2217 560 2282 omnemque
580 2193 719 2262 destruit
737 2192 911 2261 effectum.
953 2233 967 2270 2„
1001 2213 1027 2254 .·
1056 2219 1061 2226 ·
1090 2221 1093 2226 ·

133 2331 137 2338 -
234 2339 239 2349 .
265 2287 390 2354 LXII.
424 2283 646 2368 Direotionis,
677 2283 927 2367 declinationis,
955 2274 1144 2356 inclinatio-

232 2376 354 2466 nisque
373 2373 601 2464 phaenomena
619 2372 737 2442 frustra
755 2373 949 2442 illustranda
964 2378 1142 2462 suscipiet,

235 2467 294 2554 qui
314 2487 379 2530 non
399 2464 440 2529 ad
464 2464 687 2549 magneticum
716 2481 821 2530 terrae
846 2463 1003 2530 nucleum
1027 2463 1142 2533 conflr-

234 2550 537 2645 giat‚'praecipuac
565 2571 641 2614 cum
666 2551 710 2614 ab
724 2551 858 2638 ‘Halley
876 2549 919 2618 ad
937 2551 1020 2622 haec
1039 2553 1141 2644 usque

233 2662 400 2732 tempora,
418 2661 516 2706 nemo
536 2662 618 2706 unus
636 2639 835 2728 hypothesin
854 2641 939 2710 hene
957 2667 1022 2710 non
1041 2645 1140 2714 modo

231 2758 299 2806 non
312 2730 468 2800 restituit
475 2782 485 2814 ,
505 2753 619 2797 verum
639 2729 740 2797 etiam
762 2747 930 2820 tamquam
958 2733 1139 2804 evidentis-

231 2825 352 2895 simam
371 2843 484 2889 omnes
505 2820 716 2890 admiserint.
745 2823 841 2888 Hunc
868 2837 973 2890 terrae
1002 2823 1141 2894 latebris

229 2915 395 2987 inclusum
414 2911 442 2980 si
462 2911 577 2980 adesse
589 2965 591 2970 ,
605 2909 772 2978 credimus
799 2929 1006 3002 magnetem,
1027 2915 1138 2986 eidem

230 3025 355 3078 ceteras
382 3019 572 3092 magnetum
600 3000 772 3070 facultates
800 3004 876 3092 quis
902 3029 967 3072 non
988 3005 1137 3075 tribuen-

229 3099 289 3167 das
318 3119 390 3166 esse
418 3091 735 3180 consentiat?.Quis
761 3115 851 3178 non,
867 3093 976 3162 eidem
997 3096 1136 3165 allatum

229 3187 320 3269 fluidi
341 3209 470 3256 cursum
479 3235 490 3269 ‚
510 3201 545 3252 et
563 3181 729 3274 oppositos
747 3206 768 3250 e
784 3183 917 3272 regione
935 3187 1028 3276 polos
1055 3211 1134 3254 con-

209 3277 346 3360 cedat,
367 3276 486 3369 quibus
515 3275 563 3343 ita
589 3276 625 3342 in
645 3289 776 3362 nostros
796 3293 966 3366 magnetes
979 3293 1077 3364 agat,
1096 3293 1137 3344 ut

227 3359 361 3437 eutem
378 3365 530 3435 'videmus
548 3381 646 3454 agere
663 3363 777 3433 solitos
796 3363 883 3436 'tuter
901 3364 1084 3454 se?·Quod
1103 3367 1135 3436 si
