2580 3990
125 421 258 510 vr'atinn'e
276 428 509 509 distantiarum
528 429 659 504 inversa
676 432 747 504 tim
764 429 986 526 magnenean
1006 428 1042 502 n'-
1125 433 1128 456 ¹

132 551 206 619 gere
225 529 375 598 nonnulli
393 527 643 610 contenderunt,
654 525 733 596 tlum
749 525 872 596 interea
884 525 1040 593 Wiathon

127 621 300 689 eamdem·
315 619 350 688 in
373 621 500 689 ratione
528 619 658 686 inversa
689 617 967 707 sesquiduplicata
993 616 1043 683 in-

129 711 275 800 tercepti
291 711 390 800 spatii
407 709 640 801 deprehendit.
663 708 814 778 Helsami
825 773 829 780 ,
839 709 1044 795 experimen-

127 801 340 872 tutationem
353 801 514 882 exhibent
526 800 728 892 duplicatam
743 801 908 867 inversam
922 798 1045 864 distan-

135 890 254 977 tiarum
261 945 273 977 ,
286 915 370 982 quae
388 891 655 985 profectajuxta
666 892 703 976 le
716 890 820 961 Sueur
830 905 864 958 ct
875 888 1046 978 Jacquier,

10 1029 13 1036 «
126 979 265 1052 inversa
292 1001 326 1054 et
352 969 520 1075 triplicata
549 1001 602 1052 est
627 983 876 1052 distantiarum.
897 979 982 1063 Sed,
1001 1001 1045 1068 ne

125 1074 240 1143 multa
258 1075 321 1144 hae
340 1076 375 1142 in
395 1099 430 1144 re
442 1099 646 1167 prosequar,
664 1074 840 1164 postremis
858 1071 950 1140 hisce
967 1086 1048 1138 tem·

123 1165 271 1254 poribus
291 1167 371 1234 clari
391 1166 715 1256 nominis.Physicus
727 1163 890 1235 Coulomh
909 1181 1048 1250 magne-

139 1270 212 1342 tem,
226 1279 322 1346 agere
341 1255 377 1326 in
396 1259 522 1328 ratione
542 1259 691 1336 inversa,
711 1252 891 1354 titinium,
911 1251 1049 1336 quadra-

128 1355 246 1418 ‘torum
262 1347 498 1418 ffismnuanrm
521 1365 580 1430 pro
607 1355 695 1409 certo
721 1353 912 1426 consumit,
932 1351 966 1404 et
983 1339 1049 1408 ele*

125 1437 344 1526 'gantissimis
359 1433 594 1524 experimentis
609 1429 829 1502 conlimitavit.
841 1427 930 1498 Huic
940 1441 1050 1499 assen-

141 1527 289 1594 tiendum
310 1525 441 1618 judico.

182 1619 244 1684 ΙΠ.
265 1617 339 1685 Nee
358 1615 480 1685 ferrum
499 1633 628 1686 tantum
647 1617 690 1688 ad
708 1637 744 1687 se
762 1614 864 1687 trahit
889 1631 1050 1706 magnes,

122 1706 198 1778 ¹sed
214 1722 249 1774 et
267 1705 370 1776 alium
389 1710 783 1798 magnetem,dnmmodo
796 1707 918 1778 diversi
944 1707 1050 1778 nomi-

139 1797 191 1862 nis
211 1795 279 1885 poli
299 1797 438 1867 interae
458 1817 669 1870 concurrant.
697 1802 796 1873 Illud
808 1811 921 1872 tamen
948 1795 1055 1886 perti-

116 1886 253 1956 ‘nacius
273 1888 448 1975 adhaeret,
462 1891 518 1960 hic
536 1890 634 1962 facile
653 1893 839 1962 divellitur.
855 1890 951 1960 Adde
969 1889 1054 1972 huc,

138 1978 227 2068 quod
245 1997 334 2049 certe
353 1981 474 2050 minim
487 1999 553 2068 eat,
566 1982 756 2054 facultatem
775 1985 861 2054 hanc
877 1979 1054 2052 ferramen-

117 2070 184 2138 ·tis
205 2072 365 2160 appositis
384 2072 545 2159 roborari,
557 2092 591 2146 et
608 2075 751 2150 validius
769 2076 969 2146 increscere.
982 2071 1053 2140 Na-

141 2159 203 2240 dus
231 2162 323 2225 enim
350 2165 588 2248 magnea,‘etsi
608 2163 685 2237 ferri
713 2181 864 2228 ramenta
882 2165 980 2228 adae
998 2177 1053 2224 ra-

139 2248 231 2338 piat,
252 2247 293 2316 ad
321 2249 433 2340 gravia
460 2273 595 2339 corpora
622 2249 814 2320 sustinenda
833 2249 981 2316 inlinnns
1000 2263 1054 2316 eat

142 2355 176 2408 et
195 2339 327 2430 ineptus
336 2369 348 2428 3
375 2341 412 2410 id
434 2341 623 2433 vero,quod
638 2352 846 2432 annotarem
864 2340 919 2431 (ι)
938 2338 1056 2432 appel-

341 2511 346 2520 ,
448 2469 756 2510 mmmmm
1013 2483 1017 2488 ·

127 2549 146 2606 '.
185 2548 234 2626 (ι)
249 2548 420 2632 Magnetum
431 2563 601 2612 armaturae
616 2551 714 2610 ferreis
728 2547 842 2616 laminis
858 2545 968 2614 duabus
984 2563 1051 2613 coni
1156 2601 1159 2609 .

119 2639 233 2701 stant,
253 2649 325 2707 quae
347 2631 422 2712 polis
442 2631 483 2690 ita
509 2629 664 2690 aurichalci
687 2630 870 2711 ligaminibus
892 2631 1052 2706 adnectun-

118 2731 132 2742 ··
141 2719 204 2776 tur,
217 2721 248 2767 ut
259 2709 492 2786 earum'extrema
508 2710 584 2770 ultra
594 2722 753 2790 magnetem
763 2712 957 2790 porrigantur.
971 2707 1054 2767 Haec

139 2787 172 2877 in
189 2787 294 2848 cubum
334 2791 463 2860 asinum,
481 2809 633 2872 eorumque
651 2788 816 2869 magnitudo
842 2787 974 2868 aliquam]
986 2807 1053 2849 cnm

142 2884 206 2945 rpso
227 2883 355 2948 magneta
373 2872 585 2952 proportionem
603 2879 717 2932 seruent
733 2890 851 2930 necesse
864 2882 923 2928 est.
943 2867 1056 2946 Exigua

142 2963 233 3021 aeque
252 2965 285 3002 ao
303 2948 453 3008 immodica
472 2951 534 3020 vim
551 2949 657 3033 lapidis
677 2949 862 3012 imminuunt.
874 2949 1000 3028 Magnes
1011 2947 1054 3004 ita

143 3021 299 3082 instructus
326 3023 364 3083 ad
389 3022 494 3084 nov'em'
516 3045 604 3102 usque
629 3027 716 3105 pedes
736 3027 908 3118 parisienses
929 3027 988 3085 rim
1008 3038 1052 3084 at-

141 3101 301 3162 trahentem
328 3103 470 3186 erplicat.
496 3103 625 3164 Historia
652 3125 820 3242 parisiensis
856 3103 1052 3180 Academiae,

140 3182 281 3262 magnetis
300 3184 428 3244 meminit
447 3183 593 3244 unciarum
611 3205 651 3242 nn
672 3186 744 3244 ecim
770 3183 919 3266 pondere,
938 3185 989 3264 qui
1009 3185 1052 3266 in-
1084 3183 1087 3190 “

11 3325 13 3332 ‚
123 3275 257 3353 pentem
280 3251 321 3320 ita
347 3257 413 3322 fer'ri
438 3257 665 3338 vicinantium,
685 3277 718 3323 ut
735 3261 922 3348 qnadraginta
938 3263 1053 3344 tiniam

143 3359 235 3426 ipsam
253 3343 392 3428 magnetis
410 3343 523 3426 pondua
542 3356 738 3432 exsuperaret.
931 3374 933 3382 s
1007 3357 1032 3404 ‘a
