2580 3990
424 250 436 280 l

124 397 190 478 lem
209 405 322 499 polum
342 425 511 499 spectare,
531 409 568 478 in
592 403 672 477 aliis
697 407 846 478 vero'ad
865 405 1038 481 orientem

126 499 310 586 declinare,
329 500 446 570 autad
464 501 671 570 occidentem
680 551 691 586 ,
711 499 761 568 ita
774 515 816 567 'ut
834 501 870 570 in
889 501 1040 576 maxima

125 590 345 660 declinatione
366 592 664 684 graduum'viginti
680 609 744 684 ‚sex
768 590 948 662 discrimen
976 611 1038 684 ap’-

104 699 273 772 pareret.
295 685 386 753 Haec
404 709 482 753 vero
500 685 613 754 omnia
632 685 662 753 si
681 685 717 753 in
741 683 888 752 terrestri
907 685 1039 775 superfi-

125 773 177 842 cie
197 771 298 866 aeque
318 775 634 869 animadvertimus,
655 789 754 866 atque
783 793 882 865 supra
908 799 1039 870 memo-

123 880 230 933 ratam
261 867 458 957 sphaeram,
485 869 603 960 quidni
632 867 751 937 eedem
774 889 871 934 causa
890 866 935 934 sit
954 887 1039 956 quae

123 956 267 1048 eosdem,
286 958 397 1049 prodit
427 958 591 1030 effectusR
619 958 747 1046 Quidni
767 982 786 1025 a
805 958 905 1026 fluido
932 975 1039 1026 terrae

122 1047 309 1138 magnetico
328 1044 543 1137 directionis,
563 1051 815 1134 declinationis,
835 1049 972 1118 ¹demunt
990 1049 1040 1118 iir-

123 1137 313 1207 clinationis
333 1141 565 1230 phaenomena
583 1142 651 1211 sint
669 1141 875 1228 repetenda?

116 1276 119 1283 ,
169 1231 336 1300 xxxvl.
351 1233 519 1322 Oepinum
538 1253 667 1320 quoque
683 1227 897 1296 oeconoma
910 1245 1043 1334 praetc-

121 1319 263 1388 reundos
281 1345 347 1388 non
367 1323 521 1408 arbitror,
533 1321 619 1411 quod
630 1317 853 1406 horunt‘prior
864 1317 957 1387 llurdi
971 1339 1041 1389 ma-

122 1409 246 1516 gnetici
265 1409 459 1479 affinitatem
479 1435 581 1502 quum
601 1423 752 1478 accurate
770 1407 1040 1500 introspexisset,

121 1500 158 1570 td
178 1523 252 1594 cum
271 1499 387 1570 {erreis
401 1518 530 1590 tantum
550 1500 721 1592 particulis
741 1499 939 1568 societatem¹
954 1500 1040 1570 inire

120 1613 218 1682 posse
242 1591 539 1677 demonstraverit,
557 1593 641 1661 alter
663 1605 754 1660 vero'·
769 1591 975 1660 attractionis
998 1609 1039 1661 'et

120 1681 319 1774 repulsionis
338 1683 430 1773 leges
454 1682 764 1774 supputationibus,
788 1681 924 1776 jamdiu·
941 1703 1038 1752 rucu-

120 1767 242 1849 'santes
261 1771 461 1866 subjecerit,
481 1791 516 1844 et
534 1775 650 1844 multis
676 1774 744 1868 jem
769 1787 933 1842 versatam
957 1795 1038 1868 con-

121 1863 314 1933 troversiam
334 1865 524 1936 diremerit.
544 1866 699 1958 Denique
716 1865 874 1935 Franltlirt
893 1864 1036 1954 interpli-

121 1949 231 2024 cabile
249 1949 333 2025 illud
352 1959 497 2027 excussit
515 1953 949 2052 disjecitque'portentum,
966 1975 1035 2046 quo

120 2068 258 2134 magnes
291 2046 475 2132 innumeris
509 2047 717 2118 ferramentis
733 2051 879 2139 ¹integra
908 2049 943 2116 vi
973 2067 1034 2115 stra

120 2133 207 2202 hanc
227 2135 381 2204 eamdem
399 2137 469 2206 vim
488 2139 661 2206 videbatur
687 2139 897 2222 immitteres·
918 2135 1034 2204 absus»

121 2223 203 2293 dum
223 2225 314 2296 enim
334 2244 425 2311 erat,
437 2252 572 2320 corpora
590 2228 707 2298 haberi
724 2238 810 2318 quate
827 2226 865 2296 id
883 2226 959 2306 altre
976 2227 1034 2296 tri-

117 2313 278 2402 haerent,
298 2318 385 2409 quod
403 2319 476 2409 ipsa
494 2344 704 2410 nequaquam
723 2319 934 2406 amitterent,
953 2323 1034 2407 pro'-

117 2423 297 2498 pterosque
314 2409 442 2500 sagacis
460 2411 587 2502 ingenii
607 2410 821 2494 dexteritate,
833 2426 870 2478 ut
884 2409 1032 2500 primum

119 2499 320 2587 excogitavit
338 2501 489 2571 adhibita
512 2499 665 2571 frictione
694 2501 831 2570 fluidum
859 2499 1032 2591 haudqua-

119 2601 222 2678 quam
249 2587 401 2675 intrudi,
434 2592 494 2660 sed
524 2591 759 2675 subtilissimos
790 2591 882 2660 ferri*
903 2606 1032 2659 meatus
1059 2605 1061 2609 '

990 2673 1023 2696 nh

1017 2717 1032 2734 1

117 2677 339 2770 radiemur,
357 2697 396 2764 ut
413 2679 496 2751 illud
515 2679 620 2752 libere
638 2699 829 2769 moveatur,
848 2701 919 2746 rem
938 2671 1019 2836 ap‘er

120 2785 156 2841 ta
174 2767 210 2836 in
228 2772 321 2857 luce,
346 2789 380 2842 et
402 2789 505 2860 extra·
521 2797 656 2866 omnem
684 2767 930 2872 dubitationem
960 2763 1029 2876 ¹p'li-
1062 2831 1065 2835 .
1174 2865 1183 2878 ,

119 2857 254 2928 tissime
272 2861 412 2930 locavit.

62 2968 68 2982 ³
165 2949 348 3032 XXXVII.
368 2953 444 3020 Jam
462 2978 540 3022 vero
557 2973 596 3038 ut
614 2957 656 3023 de
674 2972 791 3022 natura
809 2953 912 3024 etiam
930 2949 1029 3044 hujus

118 3037 212 3108 lluidi
231 3041 411 3131 magnetici
431 3041 588 3111 nonnulla
607 3039 776 3130 dicantur,
801 3069 867 3114 non
894 3039 1027 3112 deluere

116 3131 174 3222 qui
194 3129 343 3224 ejusdem
361 3151 513 3207 naturam
540 3136 704 3224 eumdem¹
723 3161 761 3204 ac
781 3137 873 3204 fluidi
893 3133 1026 3202 electri-

114 3222 148 3290 ''ci
169 3245 241 3290 esse
261 3226 513 3312 contenderent,
532 3227 619 3318 quod
638 3225 774 3294 fortasse
792 3225 940 3316 speciem
962 3221 1026 3294 alis-

120 3321 223 3404 queurr'
247 3316 451 3414 attractionis
470 3335 504 3391 et
521 3318 718 3414 repulsionis
744 3317 781 3390 iu
795 3316 1024 3390 eloouieitat·
