2580 3990
955 245 1028 324 ‘58

117 369 471 463 nunt,‚rnngneti‘cam·
496 368 566 442 vim
584 365 875 452 „fer-reistlaminis'
900 391 1037 452 conces.

113 461 212 531 (lunt.
239 467 327 532 Tum
355 485 430 531 vero
459 477 610 530 terrestre
637 459 774 528 fluidum
801 459 951 530 ferreum.
967 475 1018 529 at-

113 554 214 622 trahit
232 554 479 639 vehementius,
493 569 591 642 atque
609 552 656 620 ita
675 549 875 641 prolecto-ut
886 553 1018 620 adeam

110 660 247 734 partem*
260 647 417 732 confluat,
438 668 530 736 quaav
541 643 778 733 terraepolum
797 659 942 734 spectat,
961 666 1023 733 ope.

109 735 259 823 positam
272 754 389 804 autem·
402 737 566 806 desertam
585 736 818 824 viduatamque
836 734 1018 824 relinquat,

109 825 180 893 sive
190 879 200 912 ,
219 827 253 894 in
273 844 361 896 statu
378 827 552 920 negativo.
585 827 682 918 Quod
701 825 862 895 terrestris
880 829 1017 915 magnes

111 938 186 983 aurn
205 919 341 1005 ceteris,
365 920 408 989 iu
428 935 598 1010 magnetes
626 942 762 1010 quoque.
777 932 946 1008 praestant
964 915 1019 985 in-

109 1021 159 1074 ter
177 1033 231 1078 se.
667 1027 670 1034 ⁴
1014 1059 1018 1068 .

157 1102 322 1170 XXXIII.
342 1103 408 1172 Sed
427 1126 508 1194 pace
527 1104 616 1172 tanti¹
633 1102 696 1173 viii
723 1101 885 1187 dixerim,
913 1099 1018 1171 d'eeli-

110 1189 254 1258 nationis
273 1217 370 1262 eausa
389 1218 452 1286 quo
471 1213 568 1286 paeto
587 1219 634 1262 ex·
647 1195 717 1258 hac·
728 1193 905 1280 hypothesi
930 1215 1019 1260 erua-

110 1295 172 1366 tur,
184 1305 249 1350 non
262 1284 377 1354 video.
394 1279 480 1356 ue'c-
492 1287 591 1373 plane
609 1281 759 1370 intelligo
778 1282 834 1370 qul
853 1281 923 1350 fieri
942 1305 1020 1348 um-
1098 1353 1101 1358 ,

110 1394 209 1461 quam
228 1375 333 1462 possit
351 1392 391 1442 ut·
407 1389 576 1463 magnetes
601 1397 667 1440 non
695 1387 824 1438 tantum
853 1371 1023 1462 attrahant

110 1477 145 1528 se
162 1486 213 1546 se,
226 1465 290 1532 sed·
305 1481 424 1532 mutuo·
436 1465 543 1532 etiam·
558 1461 908 1552 repellant..Fluidum
927 1462 1019 1529 enirn

110 1553 138 1624 si
158 1577 177 1620 a
197 1553 510 1639 fluido=attrahitur·,
530 1554 566 1622 si·
580 1553 719 1622 duorum
741 1569 932 1644 magnetum
957 1575 1021 1642 po-

108 1641 159 1710 lus
189 1644 273 1710 alter
303 1645 367 1712 hae
396 1643 586 1714 substantia*
611 1645 775 1714 redundat
787 1697 807 1730 ‚.
828 1645 911 1713 alter
941 1667 1024 1712 vero

109 1733 270 1810 earndem
284 1734 468 1820 desiderat,
488 1735 572 1804 lieet
586 1735 681 1804 illine
698 1761 875 1822 concursu,
895 1752 933 1804 et
957 1734 1024 1802 ad·-

107 1815 278 1894 mixtione*
298 1825 561 1916 supereffluentis
579 1827 676 1896 fluidi·
697 1845 813 1898 soeant
834 1843 1024 1917 magnetes,¹

108 1902 198 1990 milla
226 1917 289 1985 erit
316 1916 461 2008 profecto
490 1943 588 1988 causa
597 1969 616 2004 ,.
626 1943 729 2010 quae,
749 1919 911 2011 negativis
930 1917 1025 2010 polis.

107 2008 250 2074 armatis
264 2060 274 2092 ‚
303 2009 436 2078 eosdem
467 2011 540 2098 pati
573 2013 747 2080 oonanrine
777 2025 987 2081 summoveat·
1005 2007 1030 2076 ..’

118 2111 124 2140 ³
143 2096 198 2162 'uid
216 2114 267 2164 est
285 2099 375 2165 enirn
395 2099 483 2188 quod
501 2101 655 2188 repellit?
674 2104 753 2168 Non
771 2102 916 2166 fluidum
929 2093 1025 2186 quod.

107 2185 212 2253 abest.
226 2187 545 2279 Nonfluidiinopia:
557 2192 736 2280 numquam
749 2185 1027 2280 inimagit-qoou

108 2300 174 2343 non
194 2294 261 2345 est.
282 2279 406 2348 Existit
425 2303 501 2371 ergo
521 2278 658 2349 allectus
676 2282 748 2349 sine
767 2278 1039 2372 cause-Quidh

106 2367 275 2459 utriusque
294 2369 362 2460 poli
382 2369 504 2440 ferrum
523 2372 682 2462 rapientis
700 2373 758 2442 vis·
770 2371 858 2440 unde
880 2371 1027 2442 manat?.

106 2457 181 2525 sia
204 2461 304 2548 fluido
330 2463 500 2550 polorum,
525 2464 612 2533 alter.
635 2463 870 2532 tantummodo,
891 2460 1023 2534 ferrum,

105 2546 278 2636 afficeret-3⁴
300 2553 436 2620 attrahit
464 2571 574 2622 autern
603 2572 758 2644 uterque3
789 2554 876 2624 actio
893 2553 1037 2638 itaque..

103 2639 173 2728 poli
202 2640 355 2731 negativi·
376 2641 438 2711 hau
462 2642 509 2710 in·
521 2644 699 2734 hypothesi
725 2668 859 2713 eausam
887 2641 1026 2710 nullam.

52 2731 57 2736 ’
103 2729 303 2820 praesefert.

151 2823 316 2892 XXXIV.
337 2826 467 2896 Vereor·
487 2828 650 2920 equidem*
665 2827 940 2921 naPlrysicorum
968 2828 1020 2898 il«

102 2908 461 2984 lustriumsententiis
477 2920 611 3008 obloqui
639 2921 767 3012 magis,
786 2937 822 2990 et
846 2921 1011 2990 mordicus
1019 2961 1028 2986 ι,

102 3000 297 3069 obtrectare·
312 3003 444 3089 videar,
473 3029 582 3096 quam
600 3011 853 3098 probabilitatis.
869 3028 903 3080 et
929 3033 1028 3098 oona-y

100 3091 246 3184 jacturae
265 3112 432 3164 momenta
461 3097 649 3187 expendens
668 3125 744 3171 vera
759 3128 779 3171 a
795 3101 888 3171 falsis
906 3123 1010 3168 secer-

101 3205 201 3251 nere.
231 3183 336 3276 Hujus
363 3187 474 3278 itatsue
493 3205 530 3256 ut
552 3191 749 3281 suspicionis
776 3191 887 3263 labem
915 3214 1015 3268 amof.

14 3279 15 3282 ’
102 3276 307 3366 νωιΜμὶῤ
325 3276 369 3346 in,
379 3303 572 3372 unaquaque
590 3282 722 3382 veritati
738 3282 926 3376 proximtm
941 3299 1020 3384 ,etta
