2580 3990
988 325 1032 428 fr

112 437 216 533 cies,
239 445 340 538 ioque
357 443 513 539 nt‘propi
532 434 701 516 borealem
711 445 721 531 ‚'
739 443 788 515 iia
807 446 909 518 etiam
933 471 1038 608 prope

114 541 239 632 'polum
268 539 561 626 australem3ci1m
588 561 665 606 vero
692 537 837 606 laminae
866 540 909 609 ad
956 541 1037 610 imi-

110 631 219 700 'dium
248 629 434 698 accedimus
447 682 456 714 ‚
483 630 594 698 lineae
621 627 812 734 hujusmodi
836 653 855 698 e
878 631 1040 700 lateribus
1088 642 1091 646 '

88 737 218 796 fortae
238 719 401 810 ellipticas
429 745 545 789 curvas
569 737 772 789 constrtuunt
782 772 793 805 ,
813 744 896 809 quae
910 720 988 790 hinc
1004 739 1043 792 et

126 811 216 896 inde,
236 836 310 879 cum
330 811 491 880 laminam
511 812 720 904 contingant,
741 811 887 900 spatium
909 813 1042 900 perbre-

127 925 168 971 ve
187 927 325 970 vacuum
342 903 377 970 in
391 903 503 970 medio
523 903 728 992 relinquunt.
742 904 814 971 Hoc
830 901 1041 992 experimen-

123 1008 161 1080 1το
187 993 240 1062 'vel
268 995 393 1062 centies
416 993 564 1085 'repetito
588 995 684 1063 'nulla
712 993 833 1063 existet
861 992 1040 1064 effectuum

101 1083 286 1152 *vti-rictas.
354 1153 356 1156 ,
598 1165 601 1173 Α
888 1121 892 1130 ν
994 1089 996 1094 ’

101 1189 108 1196 “
172 1177 298 1268 XLIII.
317 1175 460 1245 Etiamsi
479 1175 755 1266 Philosophorum
783 1176 932 1242 omnium
960 1184 1041 1243 coti-

102 1279 225 1332 'sensu
250 1266 398 1336 nondum
427 1267 468 1336 de
495 1267 609 1332 fluido·
627 1265 814 1354 magnetica
843 1264 1040 1335 invaluisset

98 1353 271 1444 'opinio,
297 1373 331 1424 et
357 1359 448 1444 locus
477 1355 583 1442 adhuc
615 1353 790 1422 dubitandi
821 1357 1037 1444 superesset,

100 1460 234 1512 'utrum
253 1445 290 1514 id
309 1445 396 1513 adsit
414 1443 452 1512 in.
469 1461 643 1535 magnete,
664 1459 828 1534 tantorum
858 1443 1039 1515 effectuum

85 1551 103 1575 -·
121 1535 226 1604 cau'sa
243 1533 398 1625 princeps
418 1537 583 1626 moriger,
603 1540 754 1604 attamen
769 1537 827 1604 ille
847 1533 945 1605 ferrei
969 1536 1043 1627 pui-

98 1625 215 1692 'veris
240 1625 339 1710 ordo,
358 1643 406 1710 et¹
420 1627 596 1716 dispositio
623 1627 865 1712 immutabilis,
893 1628 937 1696 ad
963 1639 1039 1698 cam

97 1715 258 1803 'penitus
288 1717 567 1806 comprobandam
597 1719 781 1796 doctrinam
810 1737 1042 1810 argumentum

97 1823 103 1831 ·
126 1804 264 1900 exhibet
282 1807 585 1878 evidentissimum.
599 1807 712 1878 Effnso
727 1809 839 1900 itaque
856 1810 959 1878 fluido
972 1835 1044 1890 ma·

100 1918 205 1985 gnos
233 1898 321 1987 agit3
342 1898 403 1966 sed
428 1899 483 1968 hic
511 1897 684 1970 facultates
711 1925 786 1968 suas
815 1903 937 1970 omnes
954 1899 1042 1969 ferro

10 2031 11 2034 =
95 2001 101 2014 ⁸
125 2006 350 2057 communicat
356 1989 374 2075 ‚²
387 2013 449 2058 nec
468 1992 634 2080 propriam
654 1991 731 2061 vim·
744 1991 889 2078 amittit,
902 2010 959 2064 ant
977 1993 1039 2060 m'i·

101 2093 107 2112 ¹
125 2077 215 2158 nait,
225 2076 304 2164 'ergo
316 2078 431 2146 ferreis
450 2081 585 2146 laminis
604 2085 742 2172 magnes
761 2083 848 2150 nihii
867 2084 983 2152 tribuit
998 2084 1042 2167 (Ie

99 2191 105 2205 ·
124 2188 200 2251 suo;
212 2166 272 2234 sed
285 2166 457 2236 ctfcrrum
477 2171 673 2260 magneticis
689 2171 947 2260 proprietatibus
965 2171 1042 2240 ade-

98 2251 106 2290 ·'
125 2255 202 2344 ptis·
219 2257 357 2326 fluidum
385 2261 530 2345 emittit,
550 2285 628 2352 ergo
650 2259 772 2330 ferrum
791 2287 857 2330 non
876 2262 1000 2355 idjam
1020 2288 1042 2332 a
1112 2271 1115 2278 “

123 2349 278 2437 magnete
297 2367 471 2440 acceptum
489 2349 653 2436 effundit,
674 2353 734 2420 serf
751 2353 839 2442 quod
867 2369 964 2420 antea
984 2353 1039 2422 irt-

125 2435 252 2506 eiusum
271 2439 408 2527 habuit,
427 2439 496 2536 jam
516 2442 628 2530 prodit
648 2459 762 2511 meatu
789 2443 938 2533 quaelihet
965 2450 1040 2512 ma·
1072 2505 1075 2512 .

95 2543 101 2552 ·
125 2527 235 2614 gnatis
253 2531 317 2616 ope
333 2533 478 2599 recinso'.
498 2531 653 2600 Ffuitfum
672 2535 784 2622 itaque
813 2535 1052 2624 magneticnr'n.

95 2633 100 2642 “
126 2637 226 2686 omne
254 2615 331 2686 ferri
358 2641 464 2710 genus
489 2620 630 2706 incolit,
645 2621 682 2688 in
709 2643 813 2713 coque
842 2625 929 2691 fatet
951 2625 1045 2690 incre

125 2707 348 2798 etinepturir.
464 2721 469 2724 ’
591 2711 594 2720 ’
830 2735 864 2775 A
917 2720 920 2729 '

97 2815 102 2822 ·
172 2800 297 2870 XLIV.
318 2801 432 2888 Nunc3
445 2801 602 2893 qnoniam
623 2804 883 2874 demonstratam
901 2821 953 2874 est
968 2805 1043 2874 flui-

25 2937 28 2944 t
127 2885 208 2954 cium
226 2893 450 2984 magneticum
469 2893 505 2959 in
524 2893 674 2984 quolibet
697 2891 774 2962 ferri
803 2899 923 2986 genere
949 2919 1043 2963 sern-

124 2977 374 3068 peccantiam,
394 2996 428 3048 et
447 2981 490 3048 ab
509 2982 658 3072 ejusdem
681 3001 774 3052 motu
793 3001 827 3054 et
845 2985 1043 3055 efficacitate

125 3068 375 3227 phaenomena,
404 3071 449 3138 de
474 3069 596 3160 quibus
621 3071 1041 3164 agimus‚esserepetc1i-
1108 3135 1109 3138 ,

94 3179 98 3186 ’
148 3181 188 3242 a,
209 3160 345 3244 ulterius
364 3159 568 3254 progrediar.
587 3163 812 3242 Memor-atam
830 3166 992 3234 laminam
1008 3167 1039 3236 si

95 3269 98 3277 ⁴
124 3249 201 3340 quis
220 3267 363 3324 erectam
383 3253 562 3340 sustineat,
581 3269 615 3322 et
632 3255 782 3348 polorum
800 3255 956 3324 alterutro
976 3255 1059 3343 fei»

126 3360 221 3410 rcum
239 3341 327 3433 quit·
338 3343 533 3434 admoveat,
551 3346 705 3418 contiuuo
727 3347 925 3435 attrahitur,
941 3348 1061 3439 fumi&
