2580 3990
987 317 1034 426 a}

124 441 213 528 cesse
232 429 301 525 est.
319 427 523 525 Sententiam
543 427 629 520 lianc
648 429 714 516 nori
733 429 839 552 aoluni
859 449 958 556 ratio,
971 451 1030 517 secl

125 565 157 619 et
175 549 250 642 ipsa·
267 547 492 636 experimenta
512 545 722 610 confirmant.
771 549 774 556 ’

46 713 53 720 ,
125 653 130 662 ’
167 637 242 708 LV.
263 639 334 727 Age
354 661 445 717 raro,
461 635 529 724 poli
550 637 652 702 etiarn
672 633 817 699 invicem
837 633 1040 700 aamercort

122 739 193 813 tur,
213 727 269 816 qui
289 727 364 796 'cuin
385 741 518 796 careant
535 726 600 809 hoc'
616 723 1029 810 fluido,'atriiosphacricue
1102 799 1106 806 ,

121 812 285 886 riiateriae'
298 819 426 908 patent.
440 819 487 885 Ut
507 816 601 906 copia
621 837 682 902 par
689 819 713 898 ,⁵
719 815 767 881 ita
784 813 887 910 etiam
908 837 1028 902 aequaa

120 907 161 976 lis
189 906 333 976 defectus
361 907 525 976 libramen
555 905 676 991 eflicit3
696 905 814 972 nullus'
834 905 945 994 itaque
965 905 1028 972 erit

86 1021 88 1026 ·
121 997 200 1068 duos
219 999 305 1066 inter
324 999 422 1066 hosce
442 999 535 1087 polos
555 991 741 1072 attractioni
761 996 851 1064 locus
863 1033 879 1062 .·
892 995 956 1065 Sed
978 1005 1029 1062 at*¹

120 1089 334 1178 mosphaerae
354 1088 578 1178 magneticum
599 1087 740 1154 fluidum
760 1087 846 1154 hinc
868 1094 966 1176 atque
985 1087 1030 1154 it

117 1179 185 1246 linc
204 1195 316 1246 contra
336 1179 428 1268 polos
447 1179 600 1262 incurrit,
615 1201 752 1265 qnorum
772 1173 927 1244 adm‘otio·
939 1178 1029 1244 viam

117 1269 227 1337 eidem
255 1285 406 1360 angustat
435 1285 532 1356 atque
548 1281 724 1350 ¹coarctat3
754 1266 889 1348 dirimet
917 1266 1030 1356 itaque

117 1375 285 1448 magnetes
305 1360 508 1426 reactionem
528 1381 664 1424 exerens
692 1356 826 1422 omnino
856 1364 971 1443 parem
987 1365 1032 1440 Ja⁴

117 1443 217 1516 ‘ctioni
230 1501 237 1518 .
251 1449 291 1516 Id
307 1473 348 1517 ex
365 1471 404 1516 eo
421 1449 523 1516 etiarn
542 1447 722 1530 evincitur,
736 1446 823 1535 quod
835 1445 866 1512 'si
879 1447 1030 1516 ad'aeum

115 1541 336 1630 magneticam
356 1539 532 1606 inimicum
551 1539 665 1628 polum
687 1535 885 1621 admoveas,
905 1540 970 1605 non
991 1559 1032 1608 ea

115 1631 250 1719 quidem
270 1645 355 1696 retro
375 1629 529 1718 pellitur,
549 1628 608 1696 aed
631 1628 666 1694 in
695 1650 812 1717 gyrum
843 1645 1030 1717 torquetur,

115 1715 189 1788 vini
204 1719 373 1809 obliquam
394 1735 547 1810 agentern
568 1719 785 1787 denuntians.
800 1721 873 1788 Hoc
889 1720 959 1788 lieri
974 1743 1032 1788 ne·

110 1807 256 1878 cessario
286 1809 406 1894 debet,
433 1833 509 1878 cum
538 1807 739 1894 effluentis,
760 1826 830 1876 turn
855 1810 1030 1880 ‘influentis

114 1901 273 1970 materiae
294 1900 417 1990 gratia-2
439 1903 533 1989 Quae
553 1901 643 1970 enim
664 1899 769 1968 effluit
780 1901 947 1985 ,eumad
961 1926 1030 1971 rna·

114 2009 246 2080 guetem
273 1989 352 2064 ferri
383 2008 545 2081 nequeat,
571 1991 779 2079 esslateribus
812 1990 1027 2078 diffunditur,

113 2102 197 2174 quae
216 2080 345 2167 influit,
366 2104 440 2148 cum
461 2081 601 2149 minime
620 2099 717 2150 exeat
736 2105 755 2150 e
776 2099 949 2172 magnete,
969 2103 1053 2174 per

110 2171 217 2254 latera
236 2171 329 2270 polos
349 2170 568 2261 ingreditur.¹
870 2243 876 2257 ⁴
920 2201 922 2208 ¹
1018 2181 1026 2188 '

158 2263 250 2344 LVI.
269 2263 415 2330 Demum
434 2263 463 2330 ai
484 2263 548 2332 duo
567 2263 635 2353 poli
651 2279 872 2352 apponantur,
885 2285 1024 2354 quorum

101 2351 197 2421 'alter
215 2349 378 2420 effluentis
398 2353 490 2421 fluidi
511 2355 605 2442 copia
625 2355 758 2422 alterius
780 2353 944 2422 defectum
974 2359 1026 2426 ae·

19 2491 22 2501 f
88 2441 206 2546 n«pret,
219 2443 303 2512 nihil
322 2442 485 2534 impediet
519 2445 672 2512 uominus
685 2445 790 2514 libere
810 2467 845 2512 se
868 2469 904 2513 se
922 2461 1026 2514 mate-

113 2547 179 2600 ries
199 2533 384 2620 magnetica
403 2469 565 2617 effuniat,
578 2551 612 2602 et
636 2537 865 2603 attractionem
890 2536 1023 2624 prodat.

110 2621 313 2712 {lanoporro
326 2641 400 2690 cum
413 2620 490 2691 ferri
510 2623 703 2689 attractione
723 2633 948 2708 comparatam
969 2625 1024 2690 de*
1081 2697 1086 2712 Ι

111 2711 215 2781 bilem
228 2713 457 2802 inlinnamque
468 2712 637 2802 ,reperies3
649 2711 956 2779 etenimliberrimo
968 2712 1023 2784 iti-

104 2823 189 2870 nere
201 2805 236 2870 in
255 2820 408 2899 magnete
424 2803 675 2894 praeterlabitur
692 2801 846 2887 fluidum,
860 2801 1022 2895 ejusdem·
1130 2868 1133 2874 ,

110 2911 175 2986 que
195 2889 371 2960 efficientia
391 2915 430 2961 eo
449 2896 558 2962 minor
572 2909 632 2980 est,
648 2917 711 2984 quo
731 2893 828 2974 citius
848 2891 1009 2963 excunit.

75 3063 80 3072 ,
113 3005 117 3018 ·
139 2983 265 3052 'Lvtt
285 2982 430 3074 Hujusce
449 2986 614 3071 opinionis
634 2985 742 3052 studio
762 2981 898 3052 fortasse
925 2985 1017 3051 deci*

108 3072 202 3163 piar',
215 3071 533 3163 sedaimplicisaimo
553 3073 613 3140 hoc
633 3075 838 3164 magnetieae
857 3074 1018 3162 materiae

109 3168 228 3247 cursu,
245 3187 264 3232 a
283 3182 437 3254 magnete
457 3163 498 3232 ad
519 3162 639 3232 fernim
649 3171 661 3248 ,“
680 3163 802 3234 alerio
826 3181 882 3232 aut
910 3181 1017 3232 atmo-

109 3251 249 3342 'aphaera
264 3252 321 3324 'ad
348 3269 536 3346 magnetem
556 3261 664 3324 cetera
687 3273 815 3344 quoque
842 3254 889 3322 rei
918 3255 1017 3348 hujus

108 3345 338 3434 phaenomena
353 3346 512 3440 explicari
529 3344 627 3418 facile
641 3346 929 3444 possecontendp.
941 3344 1017 3417 Sin-

250 3438 272 3512 5
319 3540 328 3548 .
