2580 3990
119 409 390 516 atque.hao'tenna
409 421 525 492 retuli.
539 419 790 514 Quod'quidem
808 424 1028 500 intimantor.

41 590 43 594 ,
119 513 273 605 ripartes
302 530 488 604 praestant,
506 537 584 584 oum
608 514 650 582 ad
675 511 877 596 fluidumab
896 543 963 586 uno
981 521 1040 589 ad
1119 515 1125 526 ’

115 605 255 676 altemm
273 606 385 696 polum
405 603 619 674 deferendum
635 605 748 674 minus
762 605 916 692 idoneae,
930 607 1043 686 idem]

115 715 148 766 et
167 721 186 764 e
205 695 363 766 lateribus
382 696 494 791 egredi
514 697 627 764 sinunt
652 697 769 766 eodem
798 713 964 788 tempore,
979 717 1041 768 et·

116 785 258 877 epulis.
278 789 404 859 Verum
424 811 466 855 ex
485 788 538 856 his
561 809 646 878 quae
673 788 840 878 egreditur
867 787 1029 859 materiei

117 895 150 947 et
168 879 202 946 vi
230 895 263 946 et
290 877 485 948 efficacitate
503 897 563 966 oua
582 903 715 948 omnem
735 879 777 948 de
796 879 859 949 hac
878 879 1025 948 dissimi-¹

115 969 253 1038 litudine
273 970 532 1040 sollicitudinem
553 971 689 1039 avertit.
720 971 810 1059 Quid
828 971 916 1062 quod
935 989 969 1040 et
982 971 1056 1040 in·

116 1061 256 1151 naturali
276 1079 431 1151 magnete
460 1061 637 1150 multiplex
663 1085 762 1151 saepe
791 1063 883 1130 fluidi
911 1068 1044 1131 aursus.

111 1151 395 1241 deprehenditur?
413 1155 522 1220 Immo
547 1153 785 1232 accuratissimi
806 1153 1040 1220 Mussohem„

113 1241 214 1313 bm'ek
234 1243 508 1334 testimonio'non
528 1243 662 1325 desunt,
678 1239 734 1330 qui
754 1263 874 1326 novem
894 1242 1032 1312 decem-r

111 1355 151 1400 ve
169 1333 255 1422 polio
276 1335 457 1402 donentur.
587 1349 590 1358 ’
700 1415 703 1418 ,
874 1381 877 1392 ι
1028 1412 1033 1418 ,
1101 1337 1104 1342 ’

156 1425 281 1492 XLIX.
303 1425 401 1512 Quod
418 1424 447 1491 oi
464 1425 541 1514 quis
560 1441 718 1514 reponat,
744 1423 921 1493 auenalem
942 1449 1023 1494 ma-

114 1513 263 1602 gnetioae
291 1514 437 1583 laminae
465 1533 593 1603 partem
618 1537 826 1604 nequaquam
854 1538 894 1584 eo
922 1515 1025 1584 fluido

111 1603 260 1694 indigere
271 1635 281 1688 ·,
301 1605 389 1694 quod
408 1603 588 1692 eborealis
612 1607 681 1696 poli
705 1605 865 1674 lateribus
893 1605 1025 1696 egredi-

110 1710 178 1777 tur,
191 1718 266 1783 cunr
286 1696 420 1786 propius
440 1696 528 1764 adsit
546 1697 1022 1788 atmosplraeriournlluidum,
1040 1773 1043 1780 Ι

110 1801 348 1876 proptereaque
368 1810 423 1855 me
441 1784 525 1856 falso
539 1785 717 1858 defendere
728 1789 814 1858 hane
829 1787 874 1856 ob
889 1811 1023 1857 oausam

110 1899 210 1944 eurvo
240 1879 365 1948 ordine
384 1879 490 1947 lineas
528 1903 630 1972 prope
665 1881 811 1949 laminae
842 1879 1038 1949 dimidium.

108 1965 262 2039 distribui
282 1972 296 2060 (
314 1978 341 2054 l.
355 1971 535 2062 XLVII),
554 1973 592 2042 in·
616 1987 775 2064 promptu
796 1988 847 2041 eat
865 1973 946 2064 quid
973 1995 1043 2040 reu

108 2059 310 2146 spondeam.
330 2062 487 2150 Namque
517 2064 578 2129 etsi
601 2065 754 2134 australia
773 2065 842 2154 poli
861 2061 1043 2131 lateribus·

106 2148 259 2237 proxime
292 2150 380 2218 adsit
411 2152 634 2242 magneticum
662 2155 913 2242 atmosphaerae
926 2207 928 2214 .
942 2151 1022 2219 flui-

108 2237 211 2324 dum,
230 2239 378 2332 ejusdem
400 2258 511 2311 tamen
539 2244 636 2335 copia
661 2244 757 2336 louge
786 2242 892 2336 major
919 2243 1044 2316 altera·

106 2347 257 2420 exparte
276 2331 543 2419 redurrdat,oum
559 2335 859 2426 atmooplraerioum
883 2350 1023 2426 augeat,
1041 2373 1044 2382 =

106 2421 195 2507 quod
214 2424 327 2493 exsilit
346 2448 364 2492 e
384 2443 555 2517 magnete.
585 2431 634 2496 Ea
652 2449 729 2495 vero
757 2426 945 2494 libraminis
969 2442 1043 2494 est.

104 2509 162 2576 lex
174 2511 468 2599 .immutabilis,ut
484 2541 569 2607 quae
587 2519 695 2607 portio
712 2541 793 2608 prae
811 2517 930 2586 deteris
949 2515 1025 2586 red-

106 2599 230 2686 undat,
250 2603 367 2672 eadem
387 2605 552 2672 defi'oienti
571 2627 650 2693 prae
669 2609 788 2674 ceteris
808 2609 953 2673 tribuat.

140 2695 192 2764 ;L.
212 2694 398 2786 Magnetici
413 2680 510 2784 ¹lltiidi
530 2719 625 2766 cursu
643 2695 692 2764 ita
712 2696 909 2778 constituto,
929 2693 1034 2788 ejus..¹
1064 2723 1068 2732 ·

106 2781 185 2850 dem
220 2785 449 2871 phaenomena
478 2786 676 2878 expediam.
707 2787 851 2876 Magnes
881 2803 1021 2876 utroque

105 2873 184 2960 polo
202 2871 324 2944 ferrum
343 2879 499 2963 attrahit,
519 2879 589 2946 siro
607 2877 788 2985 separatim
806 2877 997 3037 agantffpoli
1007 2919 1045 2960 ‚a

106 2962 180 3030 sive
199 2962 419 3056 conjunctim.
448 2970 531 3034 Polo
556 2969 681 3036 borealr
701 2968 874 3037 silotrum
900 2993 919 3036 a
944 2989 1047 3040 uto-xn

104 3077 203 3136 veae,
224 3053 291 3128 duo
314 3056 397 3126 haee
425 3055 512 3124 inter
539 3080 674 3146 corpora
696 3057 861 3128 libramen
879 3059 1021 3126 intereat
1097 3084 1100 3086 ·

104 3145 258 3230 nullum
276 3147 367 3218 fluidi
389 3149 479 3218 euim
499 3147 528 3216 si
548 3147 629 3238 quid
647 3149 734 3218 ineat
752 3143 854 3231 ferro,
873 3149 909 3216 id
928 3149 1020 3216 inere
1039 3180 1045 3205 a

106 3233 208 3320 taret,
223 3253 335 3308 contra
354 3263 430 3308 vero
450 3263 469 3308 e
488 3239 612 3310 boreali
631 3241 707 3329 p'olo
726 3263 763 3308 ae
780 3263 816 3308 ae
835 3236 1021 3328 largiores..
1040 3292 1043 3301 .
1174 3297 1185 3329 .-

105 3322 220 3404 suurn
233 3329 422 3426 magnetica
437 3331 594 3406 materies
602 3382 614 3423 ,
628 3354 715 3426 quae
732 3346 855 3426 rauna.
866 3329 939 3427 ipsa
950 3329 1045 3422 ,ὶηιω
