2580 3990
972 322 1027 396 55.

99 433 212 506 mitre
231 435 384 526 aliquid'
376 451 463 504 tuter
481 458 517 503 se
535 431 658 503 habere
679 432 787 502 lucem
816 433 1019 528 fluidumque

113 527 335 615 magneticum
356 527 429 616 (1)-

157 619 249 685 Haec
278 616 397 700 habui,
420 637 505 706 quae
532 613 677 682 dicerem
704 611 849 687 breviter
875 616 930 724 de.
943 641 1018 690 ma

110 722 208 808 gnete
227 729 265 772 ea
284 706 495 794 potissimum
515 720 643 788 mente,
661 717 699 770 ut
717 703 760 772 ad
782 729 895 784 eorum
922 707 1017 800 inge-

108 794 164 861 nia
183 795 361 868 erudienda
379 796 436 886 qui
458 794 632 884 physicam
660 792 872 882 disciplinam
899 817 1015 884 aggre-

110 883 273 970 diuntur,
304 887 340 960 in
367 909 402 955 re
430 885 511 955 sotis
537 883 701 966 obscura,
734 908 796 955 sun
822 885 879 954 liei
906 885 1018 974 aliqua

109 975 265 1044 methodo
283 977 332 1058 uti
352 999 543 1082 possemus·
533 1026 545 1060 ‚
564 975 602 1057 id
619 990 728 1044 utrum
690 883 833 1044 iniit
860 999 1016 1082 prospere

109 1065 263 1149 cesserit,
283 1067 413 1150 nescio,
429 1083 676 1153 ceterorumque
695 1064 822 1134 exitum
842 1066 1018 1155 respicien-
1107 1141 1113 1148 ,

110 1153 135 1223 ti
156 1178 231 1242 spes
251 1155 398 1225 oboritur
416 1179 496 1224 rane
514 1155 651 1258 exiguo3
672 1157 740 1222 Hos
761 1171 871 1236 tamen
891 1158 1019 1244 quales·

105 1266 247 1332 eumque
274 1263 408 1324 conatus
436 1269 617 1333 numquam
641 1245 751 1313 irritos
770 1232 920 1329 doleam,
940 1269 1017 1316 eum

106 1332 208 1437 probe
227 1334 331 1418 sciam
353 1353 387 1403 et
406 1357 531 1406 errores
550 1335 590 1402 de
610 1357 645 1400 re
650 1334 803 1436 ⁸physica
828 1299 920 1402 bene'
941 1359 1014 1404 rne-

111 1423 194 1505 reri‚
226 1440 339 1513 utpote
390 1426 424 1496 ui
464 1423 593 1492 meliori
621 1423 739 1505 itinere
766 1421 944 1492 refutantes
973 1428 1016 1500 ad

108 1507 287 1585 eruendam
306 1450 389 1604 proi

380 1513 601 1601 erendamque
618 1512 793 1583 veritatem
813 1514 1015 1602 perducunt,

407 1713 713 1772 ww

149 1851 198 1928 (t)
149 1851 268 1928 ()Hu
272 1849 393 1918 usmodi
411 1849 601 1932 experimenta
622 1805 777 1931 repetentia
789 1849 957 1943 Mediolani
967 1874 1015 1916 ou·

107 1927 183 1993 ravit
210 1929 269 1995 cele
307 1931 410 1992 rrimus
432 1929 598 1994 Alexander
624 1930 734 2006 volta,
753 1929 805 1992 sed
823 1931 901 1994 exitu
919 1933 1014 2002 mixtur

107 2027 257 2092 prospero.
